date,ID,create_time,update_time,sleep_duration_hours,sleep_quality,sleep_interruptions,activity_sedentary_hours,activity_active_minutes,activity_steps,nutrition_calories,nutrition_water_oz,nutrition_macro_fat_g,nutrition_macro_carbs_g,nutrition_macro_protein_g,vitals_heart_rate_1,vitals_heart_rate_2,vitals_heart_rate_3,vitals_heart_rate_4,vitals_heart_rate_5,vitals_heart_rate_6,vitals_bp_1,vitals_bp_2,vitals_bp_3,vitals_bp_4,vitals_bp_5,vitals_temp_1,vitals_temp_2,vitals_temp_3,vitals_temp_4,vitals_temp_5
21/03/2025,1aNK0IlBlOGhWp0JIPGo,2025-03-27T11:43:39.925877Z,2025-03-27T11:43:39.925877Z,6.8,fair,2,9.7,38,5200,2100,48,58,270,90,71,73,70,72,74,72,119/80,121/82,118/79,120/81,122/83,98.6,98.4,98.5,98.7,98.6
21/03/2025,2DCJ0E7x9uSiMc8M9Hje,2025-03-27T11:43:39.925877Z,2025-03-27T11:43:39.925877Z,6.8,fair,2,9.7,38,5200,2100,48,58,270,90,71,73,70,72,74,72,119/80,121/82,118/79,120/81,122/83,98.6,98.4,98.5,98.7,98.6
17/03/2025,3xP5bsc13fVaehGMH2wd,2025-03-27T11:43:39.925877Z,2025-03-27T11:43:39.925877Z,6.5,poor,3,10.5,35,4500,2200,45,60,290,85,72,75,68,71,74,73,120/80,122/82,118/79,121/81,125/83,98.6,98.4,98.7,98.5,98.8
28/03/2025,6r6bGwNOMEfTVRXMO9BR,2025-03-27T11:43:39.925877Z,2025-03-27T11:43:39.925877Z,6,poor,3,10.8,35,4800,2400,45,70,330,85,75,77,73,76,78,74,125/82,127/84,124/81,126/83,128/85,98.9,98.7,99,98.8,99.1
19/03/2025,9A3FURfOO7c55asePIFn,2025-03-27T11:43:39.925877Z,2025-03-27T11:43:39.925877Z,8.1,good,1,8.2,55,8200,1850,60,50,220,100,65,67,64,66,68,67,115/76,117/78,114/75,116/77,118/79,98.4,98.2,98.3,98.5,98.4
29/03/2025,BO8Lma84mSt2jPz94u7d,2025-03-27T11:43:39.925877Z,2025-03-27T11:43:39.925877Z,7,fair,2,9.5,45,6000,2200,50,65,300,90,72,74,70,73,75,71,122/80,124/82,121/79,123/81,125/83,98.6,98.4,98.7,98.5,98.8
24/03/2025,FlU19iteM3babjwgjDoJ,2025-03-27T11:43:39.925877Z,2025-03-27T11:43:39.925877Z,5.5,poor,4,12.5,20,3200,2500,35,80,350,70,80,82,78,81,83,79,130/85,132/87,128/84,131/86,133/88,99.1,98.9,99.2,98.8,99
20/03/2025,MJw78N3qFu7z7IOSyqHT,2025-03-27T11:43:39.925877Z,2025-03-27T11:43:39.925877Z,7.8,good,1,8.5,50,7800,1900,58,52,230,98,67,69,66,68,70,68,116/77,118/79,115/76,117/78,119/80,98.5,98.3,98.4,98.6,98.5
27/03/2025,OVASut4vazhRswb4iIsY,2025-03-27T11:43:39.925877Z,2025-03-27T11:43:39.925877Z,8.7,good,1,6.2,80,11200,1800,75,45,210,115,62,64,61,63,65,60,108/68,110/70,107/67,109/69,111/71,98.1,97.9,98.2,98,98.3
20/03/2025,PGzZQmzW5dNLFqaIvZMk,2025-03-27T11:43:39.925877Z,2025-03-27T11:43:39.925877Z,7.8,good,1,8.5,50,7800,1900,58,52,230,98,67,69,66,68,70,68,116/77,118/79,115/76,117/78,119/80,98.5,98.3,98.4,98.6,98.5
23/03/2025,WDNnXjRQUQzj1evqzTl0,2025-03-27T11:43:39.925877Z,2025-03-27T11:43:39.925877Z,7.5,good,1,7.8,62,9500,1950,65,53,235,105,70,72,69,71,73,71,118/79,120/81,117/78,119/80,121/82,98.6,98.4,98.5,98.7,98.6
25/03/2025,WYt1oqp2DBrWQiQ0eHar,2025-03-27T11:43:39.925877Z,2025-03-27T11:43:39.925877Z,6.2,fair,3,11.3,30,4500,2300,40,75,320,75,76,79,77,78,80,75,127/83,129/85,126/82,128/84,130/86,98.7,98.5,98.8,98.6,98.9
26/03/2025,Wi5eRimDDxLW31dIlUxH,2025-03-27T11:43:39.925877Z,2025-03-27T11:43:39.925877Z,9,excellent,0,6.5,75,10000,1700,70,40,200,110,65,67,64,66,68,63,110/70,112/72,109/69,111/71,113/73,98.2,98,98.3,98.1,98.4
19/03/2025,YCXfq6bv4OojzI2DBQoE,2025-03-27T11:43:39.925877Z,2025-03-27T11:43:39.925877Z,8.1,good,1,8.2,55,8200,1850,60,50,220,100,65,67,64,66,68,67,115/76,117/78,114/75,116/77,118/79,98.4,98.2,98.3,98.5,98.4
17/03/2025,cp3hLvKiruXznHzSDPRM,2025-03-27T11:43:39.925877Z,2025-03-27T11:43:39.925877Z,6.5,poor,3,10.5,35,4500,2200,45,60,290,85,72,75,68,71,74,73,120/80,122/82,118/79,121/81,125/83,98.6,98.4,98.7,98.5,98.8
18/03/2025,eIGtVsnM4KR33Xd9bnhK,2025-03-27T11:43:39.925877Z,2025-03-27T11:43:39.925877Z,7.2,fair,2,9.8,42,6700,1950,52,55,240,95,68,70,67,72,69,71,118/78,120/80,117/77,119/79,121/80,98.5,98.3,98.4,98.6,98.5
22/03/2025,hFfmeN0J5p7u7RwMd03D,2025-03-27T11:43:39.925877Z,2025-03-27T11:43:39.925877Z,8.5,excellent,0,11.2,25,3000,2300,42,65,310,80,69,71,68,70,72,70,117/78,119/80,116/77,118/79,120/81,98.5,98.3,98.4,98.6,98.5
18/03/2025,j4vgaHMPrFW8ejsf2A4Z,2025-03-27T11:43:39.925877Z,2025-03-27T11:43:39.925877Z,7.2,fair,2,9.8,42,6700,1950,52,55,240,95,68,70,67,72,69,71,118/78,120/80,117/77,119/79,121/80,98.5,98.3,98.4,98.6,98.5
22/03/2025,ovyVD3fQnMggW4BuAkeN,2025-03-27T11:43:39.925877Z,2025-03-27T11:43:39.925877Z,8.5,excellent,0,11.2,25,3000,2300,42,65,310,80,69,71,68,70,72,70,117/78,119/80,116/77,118/79,120/81,98.5,98.3,98.4,98.6,98.5
23/03/2025,y3WhQYVT95G9ssPMlxjh,2025-03-27T11:43:39.925877Z,2025-03-27T11:43:39.925877Z,7.5,good,1,7.8,62,9500,1950,65,53,235,105,70,72,69,71,73,71,118/79,120/81,117/78,119/80,121/82,98.6,98.4,98.5,98.7,98.6
